@article{hsu2002comparison,
  title={A comparison of methods for multiclass support vector machines},
  author={Hsu, Chih-Wei and Lin, Chih-Jen},
  journal={IEEE transactions on Neural Networks},
  volume={13},
  number={2},
  pages={415--425},
  year={2002},
  publisher={IEEE}
}

@INPROCEEDINGS{tax2002multiclass, 
	author={D. M. J. Tax and R. P. W. Duin}, 
	booktitle={Object recognition supported by user interaction for service robots}, 
	title={Using two-class classifiers for multiclass classification}, 
	year={2002}, 
	volume={2}, 
	number={}, 
	pages={124-127 vol.2}, 
	keywords={Bayes methods;image classification;probability;Bayes classifier;approximate posterior probability estimates;confidence value estimations;discriminants;error-correcting output codes;multiclass classification;two-class classifiers;voting;Birth disorders;Electronic mail;Labeling;Pattern recognition;Probability density function;Testing;Vectors;Voting}, 
	doi={10.1109/ICPR.2002.1048253}, 
	ISSN={1051-4651}, 
	month={},}